@book{key,
  author         = {{Keysight EEsof EDA}},
  editor         = {},
  publisher      = {},
  title          = {{Advanced Design System. Circuit Design Cookbook 2.0}},
  year           = {}
}


